<record><leader>00000cas a22000007a 4500</leader><controlfield tag="001">15993584</controlfield><controlfield tag="008">870617d18831890nhuwn ne      0    0eng d</controlfield><datafield ind1=" " ind2=" " tag="010"><subfield code="a">sn 87090519 </subfield></datafield><datafield ind1=" " ind2=" " tag="040"><subfield code="a">PPM</subfield><subfield code="b">eng</subfield><subfield code="c">PPM</subfield><subfield code="d">NVH</subfield><subfield code="d">MGN</subfield><subfield code="d">OCLCQ</subfield></datafield><datafield ind1=" " ind2=" " tag="042"><subfield code="a">msc</subfield></datafield><datafield ind1="0" ind2=" " tag="130"><subfield code="a">Weirs times and tourist's gazette (Weirs, N.H. : 1883)</subfield></datafield><datafield ind1="1" ind2="0" tag="245"><subfield code="a">Weirs times and tourist's gazette.</subfield></datafield><datafield ind1="1" ind2="3" tag="246"><subfield code="a">Weirs times</subfield><subfield code="f">&lt;1886&gt;</subfield></datafield><datafield ind1=" " ind2=" " tag="260"><subfield code="a">Weirs, N.H. :</subfield><subfield code="b">Times Pub. Co.</subfield></datafield><datafield ind1=" " ind2=" " tag="300"><subfield code="a">v.</subfield></datafield><datafield ind1=" " ind2=" " tag="310"><subfield code="a">Weekly,</subfield><subfield code="b">Sept. 10, 1887-Sept. 17, 1890</subfield></datafield><datafield ind1=" " ind2=" " tag="321"><subfield code="a">Semiweekly,</subfield><subfield code="b">June 29, 1883-Sept. 15, 1883</subfield></datafield><datafield ind1=" " ind2=" " tag="321"><subfield code="a">Weekly,</subfield><subfield code="b">July 19, 1884-Sept. 13, 1884</subfield></datafield><datafield ind1=" " ind2=" " tag="321"><subfield code="a">Semiweekly,</subfield><subfield code="b">June 27, 1885-Sept. 3, 1887</subfield></datafield><datafield ind1="0" ind2=" " tag="362"><subfield code="a">Vol. 1, no. 1 (June 29, 1883)-v. 8, no. 12 (Sept. 17, 1890).</subfield></datafield><datafield ind1=" " ind2=" " tag="500"><subfield code="a">Published during the summer season.</subfield></datafield><datafield ind1=" " ind2=" " tag="500"><subfield code="a">Additional issues published for special events.</subfield></datafield><datafield ind1=" " ind2=" " tag="752"><subfield code="a">United States</subfield><subfield code="b">New Hampshire</subfield><subfield code="c">Belknap</subfield><subfield code="d">Weirs.</subfield></datafield><datafield ind1="0" ind2="0" tag="785"><subfield code="t">Calvert's Weirs times and tourists' gazette</subfield><subfield code="w">(DLC)sn 90062101</subfield></datafield></record>